@misc{breast_cancer_wisconsin,
  author       = {Wolberg, William and Mangasarian, Olvi and Street, Nick and Street, W.},
  title        = {{Breast Cancer Wisconsin (Diagnostic)}},
  year         = {1993},
  howpublished = {UCI Machine Learning Repository},
  note         = {{DOI}: https://doi.org/10.24432/C5DW2B}
}

@misc{wine_quality,
  author       = {Cortez, Paulo and Cerdeira, A. and Almeida, F. and Matos, T. and Reis, J.},
  title        = {{Wine Quality}},
  year         = {2009},
  howpublished = {UCI Machine Learning Repository},
  note         = {{DOI}: https://doi.org/10.24432/C56S3T}
}

@misc{user_knowledge_modeling,
  author       = {Kahraman, Hamdi and Colak, Ilhami and Sagiroglu, Seref},
  title        = {{User Knowledge Modeling}},
  year         = {2009},
  howpublished = {UCI Machine Learning Repository},
  note         = {{DOI}: https://doi.org/10.24432/C5231X}
}